<record><leader>00000cas a2200000 a 4500</leader><controlfield tag="001">11275451</controlfield><controlfield tag="008">841017d18251837ohuwn ne      0    0eng c</controlfield><datafield ind1=" " ind2=" " tag="010"><subfield code="a">sn 84028621 </subfield></datafield><datafield ind1=" " ind2=" " tag="040"><subfield code="a">NPY</subfield><subfield code="b">eng</subfield><subfield code="c">NPY</subfield><subfield code="d">NPV</subfield><subfield code="d">NPX</subfield><subfield code="d">DLC</subfield><subfield code="d">NPU</subfield><subfield code="d">NPA</subfield><subfield code="d">NPY</subfield><subfield code="d">ONP</subfield><subfield code="d">KNP</subfield><subfield code="d">ONP</subfield><subfield code="d">KNP</subfield><subfield code="d">ONP</subfield><subfield code="d">CNK</subfield><subfield code="d">NVK</subfield><subfield code="d">NVF</subfield><subfield code="d">OCL</subfield><subfield code="d">NVF</subfield><subfield code="d">CRL</subfield><subfield code="d">KRTAS</subfield><subfield code="d">DLC</subfield><subfield code="d">OCLCQ</subfield><subfield code="d">OCLCF</subfield></datafield><datafield ind1="1" ind2=" " tag="029"><subfield code="a">AU@</subfield><subfield code="b">000004328360</subfield></datafield><datafield ind1=" " ind2=" " tag="042"><subfield code="a">pcc</subfield></datafield><datafield ind1=" " ind2=" " tag="043"><subfield code="a">n-us-oh</subfield></datafield><datafield ind1="0" ind2="0" tag="050"><subfield code="a">Newspaper</subfield></datafield><datafield ind1="0" ind2=" " tag="130"><subfield code="a">Ohio State journal and Columbus gazette (Columbus, Ohio : 1825)</subfield></datafield><datafield ind1="1" ind2="0" tag="245"><subfield code="a">Ohio State journal and Columbus gazette.</subfield></datafield><datafield ind1="1" ind2=" " tag="246"><subfield code="i">Published as:</subfield><subfield code="a">State journal and Columbus gazette</subfield><subfield code="f">June 21-July 26, 1827</subfield></datafield><datafield ind1=" " ind2=" " tag="260"><subfield code="a">Columbus [Ohio] :</subfield><subfield code="b">G. Nashee &amp; Co.,</subfield><subfield code="c">1825-1837.</subfield></datafield><datafield ind1=" " ind2=" " tag="300"><subfield code="a">v.</subfield></datafield><datafield ind1=" " ind2=" " tag="310"><subfield code="a">Weekly (semiweekly during sessions of the legislature),</subfield><subfield code="b">Jan. 7, 1827-1837</subfield></datafield><datafield ind1=" " ind2=" " tag="321"><subfield code="a">Weekly,</subfield><subfield code="b">1825-Dec. 31, 1826</subfield></datafield><datafield ind1="0" ind2=" " tag="362"><subfield code="a">New ser., v. 1, no. 1 (Sept. 22, 1825)-new ser., v. 2, no. 52 (Sept. 13, 1827); v. 17, no. 1 (Sept. 20, 1827)-v. 21, no. 10 (Nov. 17, 1831); new ser., v. 1, no. 1 (Nov. 24, 1831)-new ser., v. 4, no. 41 (Mar. 28, 1835); v. 24, no. 42 (Apr. 4, 1835)-v. 27, no. 5 (Sept. 28, 1837) = whole no. 729-whole no. 1491.</subfield></datafield><datafield ind1=" " ind2=" " tag="500"><subfield code="a">"National Republican, 1828-1834; Whig, 1834-1837."</subfield></datafield><datafield ind1=" " ind2=" " tag="530"><subfield code="a">Available on microfilm from Library of Congress Photoduplication Service.</subfield></datafield><datafield ind1=" " ind2=" " tag="580"><subfield code="a">Daily ed.: Columbus daily journal, 1837.</subfield></datafield><datafield ind1=" " ind2=" " tag="580"><subfield code="a">Semiweekly ed.: Ohio State journal and Columbus gazette (Columbus, Ohio : 1836), 1836.</subfield></datafield><datafield ind1=" " ind2="0" tag="651"><subfield code="a">Columbus (Ohio)</subfield><subfield code="v">Newspapers.</subfield></datafield><datafield ind1=" " ind2="0" tag="651"><subfield code="a">Franklin County (Ohio)</subfield><subfield code="v">Newspapers.</subfield></datafield><datafield ind1=" " ind2="7" tag="655"><subfield code="a">Newspapers.</subfield><subfield code="2">fast</subfield><subfield code="0">(OCoLC)fst01423814</subfield></datafield><datafield ind1=" " ind2="7" tag="651"><subfield code="a">Ohio</subfield><subfield code="z">Columbus.</subfield><subfield code="2">fast</subfield><subfield code="0">(OCoLC)fst01205076</subfield></datafield><datafield ind1=" " ind2="7" tag="651"><subfield code="a">Ohio</subfield><subfield code="z">Franklin County.</subfield><subfield code="2">fast</subfield><subfield code="0">(OCoLC)fst01209686</subfield></datafield><datafield ind1=" " ind2=" " tag="752"><subfield code="a">United States</subfield><subfield code="b">Ohio</subfield><subfield code="c">Franklin</subfield><subfield code="d">Columbus.</subfield></datafield><datafield ind1="1" ind2=" " tag="775"><subfield code="t">Columbus daily journal</subfield><subfield code="w">(DLC)sn 85042554</subfield><subfield code="w">(OCoLC)12643121</subfield></datafield><datafield ind1="1" ind2=" " tag="775"><subfield code="t">Ohio State journal and Columbus gazette (Columbus, Ohio : 1836)</subfield><subfield code="w">(DLC)sn 88077799</subfield></datafield><datafield ind1="0" ind2="0" tag="780"><subfield code="t">Columbus gazette (Columbus, Ohio : 1817)</subfield><subfield code="w">(DLC)sn 84028620</subfield><subfield code="w">(OCoLC)11275068</subfield></datafield><datafield ind1="0" ind2="5" tag="780"><subfield code="t">Columbus sentinel</subfield><subfield code="g">1835</subfield><subfield code="w">(DLC)sn 84028623</subfield><subfield code="w">(OCoLC)11275579</subfield></datafield><datafield ind1="0" ind2="5" tag="780"><subfield code="t">Ohio State gazette (Columbus, Ohio : 1827)</subfield><subfield code="w">(DLC)sn 84024218</subfield></datafield><datafield ind1="0" ind2="7" tag="785"><subfield code="t">Ohio political register (Columbus, Ohio : Weekly)</subfield><subfield code="w">(DLC)sn 88077800</subfield></datafield><datafield ind1="0" ind2="7" tag="785"><subfield code="t">State journal and political register</subfield><subfield code="w">(DLC)sn 85038226</subfield></datafield><datafield ind1=" " ind2=" " tag="938"><subfield code="a">Kirtas Technologies, Inc.</subfield><subfield code="b">KRTS</subfield><subfield code="n">738834</subfield></datafield></record>